<?xml version="1.0" encoding="UTF-8"?><collection xmlns="http://www.loc.gov/MARC21/slim"><record><leader>00509nam--2200181-i-4500</leader><controlfield tag="001">000025075</controlfield><controlfield tag="002">20161230</controlfield><controlfield tag="005">20161230201035</controlfield><controlfield tag="008">060222s1000------------r-----000-0-eng-d</controlfield><datafield ind1=" " ind2=" " tag="040"><subfield code="a">IFIN-HH</subfield></datafield><datafield ind1=" " ind2=" " tag="080"><subfield code="a">537.222.22:621.382.332</subfield></datafield><datafield ind1="1" ind2=" " tag="100"><subfield code="a">Milnes, A. G</subfield></datafield><datafield ind1="1" ind2="0" tag="245"><subfield code="a">Heterojunctions and metal-semiconductor junctions</subfield><subfield code="c">A.g. milnes, d.l. feucht</subfield></datafield><datafield ind1=" " ind2=" " tag="260"><subfield code="a">New York</subfield><subfield code="b">Academic Press</subfield><subfield code="c">1972</subfield></datafield><datafield ind1=" " ind2=" " tag="300"><subfield code="a">XIX + 408 P</subfield></datafield><datafield ind1="1" ind2=" " tag="700"><subfield code="a">Feucht, D. L</subfield></datafield><datafield ind1=" " ind2=" " tag="852"><subfield code="a">37606</subfield><subfield code="c">537.311.33</subfield></datafield><datafield ind1=" " ind2=" " tag="CAT"><subfield code="a">Sys</subfield><subfield code="c">20110721</subfield><subfield code="h">144302</subfield></datafield></record></collection>